
@article{ISTA,
author = {Daubechies, I. and Defrise, M. and De Mol, C.},
title = {An iterative thresholding algorithm for linear inverse problems with a sparsity constraint},
journal = {Communications on Pure and Applied Mathematics},
volume = {57},
number = {11},
pages = {1413-1457},
year={2004}}



@article{BPDN,
author = {Chen, Scott Shaobing and Donoho, David L. and Saunders, Michael A.},
title = {Atomic Decomposition by Basis Pursuit},
journal = {SIAM Journal on Scientific Computing},
volume = {20},
number = {1},
pages = {33-61},
year = {1998}}


@article{FISTA,
  author = {Beck, Amir and Teboulle, Marc},
  journal = {SIAM Journal on Imaging Sciences},
  keywords = {accelerated-gradient convex fista optimization},
  number = 1,
  pages = {183--202},
  publisher = {SIAM},
  timestamp = {2013-02-12T16:27:38.000+0100},
  title = {A fast iterative shrinkage-thresholding algorithm for linear inverse problems},
  volume = 2,
  year = 2009
}




@ARTICLE{CS_Tutorial,
  author={Baraniuk, Richard G.},
  journal={IEEE Signal Processing Magazine}, 
  title={Compressive Sensing [Lecture Notes]}, 
  year={2007},
  volume={24},
  number={4},
  pages={118-121}}


@ARTICLE{Sacchi,
  author={Sacchi, M.D. and Ulrych, T.J. and Walker, C.J.},
  journal={IEEE Transactions on Signal Processing}, 
  title={Interpolation and extrapolation using a high-resolution discrete Fourier transform}, 
  year={1998},
  volume={46},
  number={1},
  pages={31-38}}



@article{Zwartjes,
author = {Zwartjes, P. and Gisolf, A.},
title = {Fourier reconstruction with sparse inversion},
journal = {Geophysical Prospecting},
volume = {55},
number = {2},
pages = {199-221},
year = {2007}
}


@Book{GoluVanl96,
  Title                    = {Matrix Computations},
  Author                   = {Golub, Gene H. and Van Loan, Charles F.},
  Publisher                = {The Johns Hopkins University Press},
  Year                     = {1996},
  Edition                  = {Third}
}
